@misc{github,
  author = {asaini},
  title = {Python Implementation of Apriori Algorithm},
  year = {2017},
  publisher = {GitHub},
  journal = {GitHub repository},
  howpublished = {\url{https://github.com/asaini/Apriori.git}},
  commit = {804020f9547b7ac55e0101d80522d60fe294c18e}
}
