 @misc{ wiki,
   author = "Wikipedia",
   title = "Spezifikation --- Wikipedia{,} Die freie Enzyklop√§die",
   year = "2017",
   url = "https://de.wikipedia.org/w/index.php?title=Spezifikation&oldid=168236308",
   note = "[Online; Stand 17. April 2018]"
 }

